<record><leader>00000cas a22000007a 4500</leader><controlfield tag="001">20213333</controlfield><controlfield tag="008">890818d18801903mouwr ne      0    0ger d</controlfield><datafield ind1=" " ind2=" " tag="010"><subfield code="a">sn 89066737 </subfield></datafield><datafield ind1=" " ind2=" " tag="040"><subfield code="a">MQN</subfield><subfield code="b">eng</subfield><subfield code="c">MQN</subfield><subfield code="d">OCLCQ</subfield></datafield><datafield ind1=" " ind2=" " tag="042"><subfield code="a">msc</subfield></datafield><datafield ind1="0" ind2="0" tag="245"><subfield code="a">St. Charles Republikaner.</subfield></datafield><datafield ind1="3" ind2="0" tag="246"><subfield code="a">Saint Charles Republikaner</subfield></datafield><datafield ind1=" " ind2=" " tag="260"><subfield code="a">St. Charles, Mo. :</subfield><subfield code="b">H.E. Zandfort</subfield></datafield><datafield ind1=" " ind2=" " tag="300"><subfield code="a">v.</subfield></datafield><datafield ind1=" " ind2=" " tag="310"><subfield code="a">Weekly</subfield></datafield><datafield ind1="1" ind2=" " tag="362"><subfield code="a">Began in 1880? Ceased in 1903?</subfield></datafield><datafield ind1=" " ind2=" " tag="588"><subfield code="a">Description based on: Jahrg. 4, no. 1 (1 Jan. 1884).</subfield></datafield><datafield ind1=" " ind2=" " tag="752"><subfield code="a">United States</subfield><subfield code="b">Missouri</subfield><subfield code="c">Saint Charles</subfield><subfield code="d">Saint Charles.</subfield></datafield></record>